@inproceedings{10.1117/12.2310125,
author = {Brian M. Selvy and Austin Roberts and Michael Reuter and Charles (Chuck) Claver and Gabriele Comoretto and Tim Jenness and Wil O'Mullane and Andrew Serio and Rob Bovill and Jacques Sebag and Sandrine Thomas and Manas Bajaj and Dirk Zwemer and Brian Van Klaveren},
title = {{V\&V planning and execution in an integrated model-based engineering environment using MagicDraw, Syndeia, and Jira}},
volume = {10705},
booktitle = {Modeling, Systems Engineering, and Project Management for Astronomy VIII},
editor = {George Z. Angeli and Philippe Dierickx},
organization = {International Society for Optics and Photonics},
publisher = {SPIE},
pages = {306 -- 318},
keywords = {MBSE, SysML, Verification, Validation, Model Based Systems Engineering, Systems Engineering, Test Cases},
year = {2018},
doi = {10.1117/12.2310125},
URL = {https://doi.org/10.1117/12.2310125}
}

@inproceedings{10.1117/12.926797,
author = {G. Comoretto and J. Gallegos and S. Els and G. Gracia and T. Lock and E. Mercier and W. O'Mullane},
title = {{The Information Management Tool (IMT) of Gaia DPAC and its potential as tool for large scale software development projects}},
volume = {8449},
booktitle = {Modeling, Systems Engineering, and Project Management for Astronomy V},
editor = {George Z. Angeli and Philippe Dierickx},
organization = {International Society for Optics and Photonics},
publisher = {SPIE},
pages = {186 -- 195},
keywords = {Project Management, Product assurance, Astronomy space mission, Gaia},
year = {2012},
doi = {10.1117/12.926797},
URL = {https://doi.org/10.1117/12.926797}
}

@INPROCEEDINGS{2015arXiv151207914J,
       author = {{Juri{\'c}}  and others},
        title = "{The LSST Data Management System}",
     keywords = {Astrophysics - Instrumentation and Methods for Astrophysics},
    booktitle = {Astronomical Data Analysis Software and Systems XXV},
         year = "2017",
       editor = {{Lorente}, N.~P.~F. and {Shortridge}, K. and {Wayth}, R.},
       series = {ASP Conf.\ Ser.},
       volume = {512},
        month = "Dec",
        pages = {279},
archivePrefix = {arXiv},
       eprint = {1512.07914},
 primaryClass = {astro-ph.IM},
       adsurl = {https://ui.adsabs.harvard.edu/abs/2017ASPC..512..279J},
      adsnote = {Provided by the SAO/NASA Astrophysics Data System}
}

@misc{LSE-61,
author =       {Gregory Dubois-Felsmann and Tim Jenness},
title =        "{LSST Data Management Subsystem Requirements, v8.4}",
howpublished=  "{LSE-61, Rubin Observatory, \url{https://ls.st/LSE-61}}",
year =         2020,
}

@misc{LPM-17,
author =       {{\v Z}. {Ivezi{\'c}} and {The LSST Science
                Collaboration}},
title =        "{LSST Science Requirements Document, v5.2.4}",
year =         2018,
howpublished = {LPM-17, Rubin Observatory, \url{https://ls.st/LPM-17}},
}

@misc{SQR-006,
author =       {Jonathan Sick},
title =        "{The LSST the Docs Platform for Continuous Documentation Delivery}",
year =         2016,
howpublished = {SQR-006, Rubin Observatory, \url{https://sqr-006.lsst.io}},
}

@misc{LSE-68,
author =       {Gregory Dubois-Felsmann},
title =        "{Camera Data Acquisition Interface, v2.4}",
year =         2020,
howpublished = {LSE-68, Rubin Observatory, \url{https://ls.st/LSE-68}},
}

@misc{LSE-30,
author =       {Charles F. Claver and The LSST Systems Engineering Integrated Project Team},
title =        "{Observatory System Specifications (OSS), v18.3}",
year =         2018,
howpublished = {LSE-30, Rubin Observatory, \url{https://ls.st/LSE-30}},
}

@ARTICLE{2019ApJ...873..111I,
       author = {{Ivezi{\'c}} and others},
        title = "{LSST: From Science Drivers to Reference Design and Anticipated Data Products}",
     keywords = {astrometry, cosmology: observations, Galaxy: general, methods: observational, stars: general, surveys, Astrophysics},
         year = "2019",
        month = "Mar",
       volume = {873},
       number = {2},
          eid = {111},
        pages = {111},
          doi = {10.3847/1538-4357/ab042c},
archivePrefix = {arXiv},
       eprint = {0805.2366},
 primaryClass = {astro-ph},
       adsurl = {https://ui.adsabs.harvard.edu/abs/2019ApJ...873..111I},
      adsnote = {Provided by the SAO/NASA Astrophysics Data System}
}
